@article{ArnettWagers:2017,
  title   = {Subject encodings and retrieval interference},
  journal = {Journal of Memory and Language},
  volume  = {93},
  pages   = {22--54},
  year    = {2017},
  issn    = {0749-596X},
  doi     = {10.1016/j.jml.2016.07.005},
  author  = {Nathan Arnett and Matthew Wagers}
}

@article{AvetisyanEtAl:2020,
  title   = {Does case marking affect agreement attraction in comprehension?},
  journal = {Journal of Memory and Language},
  volume  = {112},
  pages   = {104087},
  year    = {2020},
  issn    = {0749-596X},
  doi     = {10.1016/j.jml.2020.104087},

  author  = {Serine Avetisyan and Sol Lago and Shravan Vasishth}
}

@article{BadeckerKuminiak:2007,
  title   = {{M}orphology, agreement and working memory retrieval in sentence production: {E}vidence from gender and case in {S}lovak},
  journal = {Journal of Memory and Language},
  volume  = {56},
  number  = {1},
  pages   = {65--85},
  year    = {2007},
  issn    = {0749-596X},
  doi     = {10.1016/j.jml.2006.08.004},
  author  = {William Badecker and Frantisek Kuminiak}
}

@inproceedings{BergenGibson:2012,
  title     = {Agreement errors as rational encoding errors},
  author    = {Bergen, Leon and Gibson, Edward},
  booktitle = {Poster presented at the 25th annual CUNY Conference on Human Sentence Processing, New York, NY},
  year      = {2012}
}

@misc{BhatiaDillon:2020,
  title     = {Processing agreement in {H}indi: {W}hen agreement feeds attraction},

  doi       = {10.31219/osf.io/3ndhm},
  publisher = {OSF Preprints},
  author    = {Bhatia, Sakshi and Dillon, Brian},
  year      = {2020},
  month     = {Dec}
}


@article{BockEberhard:1993,
  author    = {Kathryn Bock and Kathleen M. Eberhard},
  title     = {{M}eaning, {S}ound and {S}yntax in {E}nglish {N}umber {A}greement},
  journal   = {Language and Cognitive Processes},
  volume    = {8},
  number    = {1},
  pages     = {57--99},
  year      = {1993},
  publisher = {Routledge},
  doi       = {10.1080/01690969308406949},

  eprint    = {https://doi.org/10.1080/01690969308406949}
}

@article{BockMiller:1991,
  title     = {Broken agreement},
  author    = {Bock, Kathryn and Miller, Carol A},
  journal   = {Cognitive Psychology},
  volume    = {23},
  number    = {1},
  pages     = {45--93},
  year      = {1991},
  publisher = {Elsevier}
}

@manual{brms,
  title    = {Advanced {Bayesian} {M}ultilevel {M}odeling with the {R} {P}ackage {brms}},
  author   = {Paul-Christian B\"{u}rkner},
  journal  = {The R Journal},
  year     = {2018},
  volume   = {10},
  number   = {1},
  pages    = {395--411},
  doi      = {10.32614/RJ-2018-017},
  encoding = {UTF-8}
}

@inproceedings{Coltekin2015,
  author	= {{\c{C}}{\"{o}}ltekin, {\c{C}}a{\u{g}}r{\i}},
  booktitle	= {Proceedings of the 14$^{th}$ Workshop on Treebanks and
		  Linguistic Theories (TLT 14)},
  editor	= {Dickinson, Markus and Hinrichs, Erhard and Patejuk,
		  Agnieszka and Przepi\'{o}rkowski, Adam},
  location	= {Warsaw, Poland},
  pages		= {35--49},
  title		= {A Grammar-Book Treebank of {T}urkish},
  year		= {2015}
}

@article{Cousineau:2005,
  title={Confidence intervals in within-subject designs: A simpler solution to Loftus and Masson’s method},
  author={Cousineau, Denis and others},
  journal={Tutorials in quantitative methods for psychology},
  volume={1},
  number={1},
  pages={42--45},
  year={2005}
}

@article{Cousineau:2007,
  title   = {Confidence intervals in within-subject designs: A simpler solution to Loftus and Masson’s method},
  author  = {Cousineau, Denis},
  journal = {Tutorials in Quantitative Methods for Psychology},
  volume  = {1},
  number  = {1},
  pages   = {42--45},
  year    = {2007}
}

@article{Dillon2013a,
  title   = {Contrasting intrusion profiles for agreement and anaphora: {E}xperimental and modeling evidence},
  journal = {Journal of Memory and Language},
  volume  = {69},
  number  = {2},
  pages   = {85--103},
  year    = {2013},
  issn    = {0749-596X},
  doi     = {10.1016/j.jml.2013.04.003},

  author  = {Brian Dillon and Alan Mishler and Shayne Sloggett and Colin Phillips}
}

@article{Drummond2013,
  title   = {Ibex farm},
  author  = {Drummond, Alex},
  journal = {Online server: http://spellout.net/ibexfarm},
  year    = {2013}
}

@article{Eberhard:1997,
  title   = {The {M}arked {E}ffect of {N}umber on {S}ubject-–{V}erb {A}greement},
  journal = {Journal of Memory and Language},
  volume  = {36},
  number  = {2},
  pages   = {147--164},
  year    = {1997},
  issn    = {0749-596X},
  doi     = {https://doi.org/10.1006/jmla.1996.2484},

  author  = {Kathleen M. Eberhard}
}


@article{EberhardEtAl:2005,
  title     = {{M}aking {S}yntax of {S}ense: {N}umber {A}greement in {S}entence {P}roduction},
  author    = {Eberhard, Kathleen M. and Cutting, J. Cooper and Bock, Kathryn},
  journal   = {Psychological review},
  volume    = {112},
  number    = {3},
  pages     = {531--539},
  doi       = {10.1037/0033-295X.112.3.531},

  year      = {2005},
  publisher = {American Psychological Association}
}

@book{GelmanHill:2007,
  address   = {Cambridge, UK},
  title     = {Data {Analysis} {Using} {Regression} and {Multilevel}/{Hierarchical} {Models}},
  publisher = {Cambridge University Press},
  author    = {Gelman, Andrew and Hill, Jennifer},
  year      = {2007},
  note      = {Publication Title: Book}
}

@article{GibsonThomas:1999,
  author    = {Edward Gibson and James Thomas},
  title     = {Memory {L}imitations and {S}tructural {F}orgetting: {T}he {P}erception of {C}omplex {U}ngrammatical {S}entences as {G}rammatical},
  journal   = {Language and Cognitive Processes},
  volume    = {14},
  number    = {3},
  pages     = {225--248},
  year      = {1999},
  publisher = {Routledge},
  doi       = {10.1080/016909699386293}
}

@book{GokselKerslake:2005,
  title     = {{T}urkish: {A} {C}omprehensive {G}rammar},
  author    = {G{\"o}ksel, Asl{\i} and Kerslake, Celia},
  series    = {Comprehensive grammars},
  year      = {2005},
  isbn      = {9780415114943},
  publisher = {Routledge}
}
@article{HammerlyEtAl:2019,
  title   = {The grammaticality asymmetry in agreement attraction reflects response bias: {E}xperimental and modeling evidence},
  journal = {Cognitive Psychology},
  volume  = {110},
  pages   = {70--104},
  year    = {2019},
  issn    = {0010-0285},
  doi     = {10.1016/j.cogpsych.2019.01.001},

  author  = {Christopher Hammerly and Adrian Staub and Brian Dillon}
}
@inbook{Kornfilt:2011,
  author    = {Jaklin Kornfilt},
  editor    = {Uwe Junghanns and Luka Szucsich},
  doi       = {doi:10.1515/9783110904758.129},

  title     = {Subject {C}ase in {T}urkish nominalized clauses},
  booktitle = {Syntactic {S}tructures and {M}orphological {I}nformation},
  year      = {2011},
  publisher = {De Gruyter Mouton},
  pages     = {129--216}
}
@book{Kornfilt:2013,
  title     = {Turkish},
  author    = {Kornfilt, Jaklin},
  year      = {2013},
  publisher = {Routledge},
  doi       = {10.4324/9781315823652},

}
@inproceedings{KuzgunEtAl2020,
  title={On building the largest and cross-linguistic turkish dependency corpus},
  author={Kuzgun, Asl{\i} and Cesur, Neslihan and Ar{\i}can, Bilge Nas and {\"O}z{\c{c}}elik, Merve and Mar{\c{s}}an, B{\"u}{\c{s}}ra and Kara, Neslihan and Aslan, Deniz Baran and Y{\i}ld{\i}z, Olcay Taner},
  booktitle={Innovations in Intelligent Systems and Applications Conference (ASYU)},
  pages={1--6},
  year={2020},
  organization={IEEE}
}


@article{LagoEtAl:2015,
  title   = {Agreement attraction in {S}panish comprehension},
  journal = {Journal of Memory and Language},
  volume  = {82},
  pages   = {133--149},
  year    = {2015},
  issn    = {0749-596X},
  doi     = {10.1016/j.jml.2015.02.002},

  author  = {Sol Lago and Diego E. Shalom and Mariano Sigman and Ellen F. Lau and Colin Phillips}
}

@article{LagoEtAl:2019,
  author    = {Lago, Sol and Gra\v{c}anin--Yuksek, Martina and \c{S}afak, Duygu Fatma and Demir, Orhan and K{\i}rk{\i}c{\i}, Bilal and Felser, Claudia},
  title     = {Straight from the horse’s mouth: {A}greement attraction effects with {T}urkish possessors},
  journal   = {Linguistic Approaches to Bilingualism},
  year      = {2019},
  volume    = {9},
  number    = {3},
  pages     = {398--426},
  doi       = {10.1075/lab.17019.lag},

  publisher = {John Benjamins},
  issn      = {1879-9264},
  type      = {Journal Article}
}
@article{LagoFelser:2018,
  title     = {Agreement attraction in native and nonnative speakers of {G}erman},
  volume    = {39},
  doi       = {10.1017/S0142716417000601},
  number    = {3},
  journal   = {Applied Psycholinguistics},
  publisher = {Cambridge University Press},
  author    = {Lago, Sol and Felser, Claudia},
  year      = {2018},
  pages     = {619–-647}
}
@article{LewisVasishth:2005,
  author  = {Lewis, Richard L. and Vasishth, Shravan},
  title   = {An {A}ctivation--{B}ased {M}odel of {S}entence {P}rocessing as {S}killed {M}emory {R}etrieval},
  journal = {Cognitive Science},
  volume  = {29},
  number  = {3},
  pages   = {375--419},
  year    = {2005},
  doi     = {10.1207/s15516709cog0000\_25},

}


@article{Morey:2008,
  title={Confidence intervals from normalized data: A correction to Cousineau (2005)},
  author={Morey, Richard D and others},
  journal={reason},
  volume={4},
  number={2},
  pages={61--64},
  year={2008}
}

@article{NicenboimVasishth:2016,
  author  = {Nicenboim, Bruno and Vasishth, Shravan},
  title   = {Statistical methods for linguistic research: {F}oundational {I}deas—-{P}art {II}},
  journal = {Language and Linguistics Compass},
  volume  = {10},
  number  = {11},
  year    = {2016},
  pages   = {591--613},
  doi     = {10.1111/lnc3.12207},

}



@article{NicolEtAl:1997,
  title   = {Subject-–{V}erb {A}greement {P}rocesses in {C}omprehension},
  journal = {Journal of Memory and Language},
  volume  = {36},
  number  = {4},
  pages   = {569--587},
  year    = {1997},
  issn    = {0749-596X},
  doi     = {10.1006/jmla.1996.2497},

  author  = {Janet L. Nicol and K.I. Forster and C. Veres}
}

@article{NicolEtAl:2016,
  author  = {Nicol, Janet L. and Barss, Andrew and Barker, Jason E.},
  title   = {Minimal {I}nterference from {P}ossessor {P}hrases in the {P}roduction of {S}ubject--{V}erb {A}greement},
  journal = {Frontiers in Psychology},
  volume  = {7},
  pages   = {548},
  year    = {2016},

  doi     = {10.3389/fpsyg.2016.00548},
  issn    = {1664-1078}
}


@article{PearlmutterGarnseyBock:1999,
  title   = {Agreement {P}rocesses in {S}entence {C}omprehension},
  journal = {Journal of Memory and Language},
  volume  = {41},
  number  = {3},
  pages   = {427--456},
  year    = {1999},
  issn    = {0749-596X},
  doi     = {10.1006/jmla.1999.2653},

  author  = {Neal J. Pearlmutter and Susan M. Garnsey and Kathryn Bock}
}


@article{PhillipsEtAl:2011,
  author    = {Phillips, Colin and Wagers, Matthew and Lau, Ellen F.},
  journal   = {Syntax and Semantics 37: Experiments at the Interfaces},
  number    = {2011},
  publisher = {Brill},
  address   = {Leiden, The Netherlands},
  isbn      = {9781780523750},
  doi       = {10.1163/9781780523750_006},
  pages     = {147 - 180},

  title     = {{Grammatical Illusions and Selective Fallibility in Real-Time Language Comprehension}},
  year      = {2011}
}
@article{RisticEtAl:2016,
  author    = {Ristic, Bojana and Molinaro, Nicola and Mancini, Simona},
  title     = {Agreement attraction in {S}erbian: {D}ecomposing markedness},
  journal   = {The Mental Lexicon},
  year      = {2016},
  volume    = {11},
  number    = {2},
  pages     = {242--276},
  doi       = {10.1075/ml.11.2.04ris},

  publisher = {John Benjamins},
  issn      = {1871-1340},
  type      = {Journal Article}
}

@misc{rstan,
  title  = {{RStan}: the {R} interface to {Stan}},
  author = {{Stan Development Team}},
  note   = {R package version 2.19.1},
  year   = {2019},
  url    = {http://mc-stan.org/}
}
@article{SmithVasishth:2020,
  author  = {Smith, Garrett and Vasishth, Shravan},
  title   = {A {P}rincipled {A}pproach to {F}eature {S}election in {M}odels of {S}entence {P}rocessing},
  journal = {Cognitive Science},
  volume  = {44},
  number  = {12},
  year    = {2020},
  pages   = {e12918},
  doi     = {10.1111/cogs.12918}
 }

@article{Staub:2007,
  title={The return of the repressed: Abandoned parses facilitate syntactic reanalysis},
  author={Staub, Adrian},
  journal={Journal of memory and language},
  volume={57},
  number={2},
  pages={299--323},
  year={2007},
  publisher={Elsevier}
}
@inproceedings{SulubacakEtAl2016,
    title = "Universal Dependencies for {T}urkish",
    author = {Sulubacak, Umut  and
      G{\"o}k{\i}rmak, Memduh  and
      Tyers, Francis  and
      {\c{C}}{\"o}ltekin, {\c{C}}a{\u{g}}r{\i}  and
      Nivre, Joakim  and
      Eryi{\u{g}}it, G{\"u}l{\c{s}}en},
    booktitle = "\emph{Proceedings of {COLING} 2016, the 26$^{th}$ International Conference on Computational Linguistics: Technical Papers}",
    month = dec,
    year = "2016",
    address = "Osaka, Japan",
    publisher = "The COLING 2016 Organizing Committee",
    url = "https://www.aclweb.org/anthology/C16-1325",
    pages = "3444--3454"
}
@article{Tabor:2004,
  title={Evidence for self-organized sentence processing: digging-in effects.},
  author={Tabor, Whitney and Hutchins, Sean},
  journal={Journal of Experimental Psychology: Learning, Memory, and Cognition},
  volume={30},
  number={2},
  pages={431},
  year={2004},
  publisher={American Psychological Association}
}

@article{TuckerEtAl:2015,
  author  = {Tucker, Matthew A. and Idrissi, Ali and Almeida, Diogo},
  title   = {Representing number in the real--time processing of agreement: self-paced reading evidence from {A}rabic},
  journal = {Frontiers in Psychology},
  volume  = {6},
  pages   = {347},
  year    = {2015},
  doi     = {10.3389/fpsyg.2015.00347},
  issn    = {1664-1078}
}

@inproceedings{TurkEtAl2019b,
  title={Improving the annotations in the {T}urkish universal dependency treebank},
  author={T{\"u}rk, Utku and Atmaca, Furkan and {\"O}zate{\c{s}}, {\c{S}}aziye Bet{\"u}l and {\"O}zt{\"u}rk, Balk{\i}z and G{\"u}ng{\"o}r, Tunga and {\"O}zg{\"u}r, Arzucan},
  booktitle={Proceedings of the Third Workshop on Universal Dependencies (UDW, SyntaxFest 2019)},
  pages={108--115},
  year={2019}
}

@article{TurkEtAl2021,
	title = {Resources for {Turkish} dependency parsing: introducing the {BOUN} {Treebank} and the {BoAT} annotation tool},
	issn = {1574-0218},
	url = {https://doi.org/10.1007/s10579-021-09558-0},
	doi = {10.1007/s10579-021-09558-0},
	journal = {Language Resources and Evaluation},
	author = {T{\"u}rk, Utku and Atmaca, Furkan and {\"O}zate{\c{s}}, {\c{S}}aziye Bet{\"u}l and Berk, G\"{o}zde and Bedir, Seyyit Talha and K\"{o}ksal, Abdullatif and Ba\c{s}aran, Balk{\i}z {\"O}zt{\"u}rk and G{\"u}ng{\"o}r, Tunga and {\"O}zg{\"u}r, Arzucan},
	month = nov,
	year = {2021},
}

@article{WagersEtAl:2009,
  title   = {Agreement attraction in comprehension: {R}epresentations and processes},
  journal = {Journal of Memory and Language},
  volume  = {61},
  number  = {2},
  pages   = {206--237},
  year    = {2009},
  issn    = {0749-596X},
  doi     = {10.1016/j.jml.2009.04.002},
  author  = {Matthew W. Wagers and Ellen F. Lau and Colin Phillips}
}